<?xml version="1.0" encoding="UTF-8" ?>
<record Numero="16672703" format="InterXMarc_Complet" type="Authority">
<leader>00481n1 au22000272  45  <Pos Code="0004">00481</Pos>
<Pos Code="05" Sens="notice nouvelle">n</Pos>
<Pos Code="06" Sens="notice validée en catalogage courant">1</Pos>
<Pos Code="08" Sens="notice d&apos;autorité">a</Pos>
<Pos Code="09" Sens="titre uniforme musical (TUM)">u</Pos>
<Pos Code="10">2</Pos>
<Pos Code="11">2</Pos>
<Pos Code="1216">00027</Pos>
<Pos Code="17" Sens="autres cas">2</Pos>
<Pos Code="20">4</Pos>
<Pos Code="21">5</Pos>
</leader>
<controlfield tag="001">FRBNF166727033<Pos Code="0001">FR</Pos>
<Pos Code="0204">BNF</Pos>
<Pos Code="0512">16672703</Pos>
<Pos Code="13">3</Pos>
</controlfield>
<controlfield tag="008">130325      yy    vr        16..                             1   <Pos Code="0001">13</Pos>
<Pos Code="0203">03</Pos>
<Pos Code="0405">25</Pos>
<Pos Code="1213" Sens="ne s&apos;applique pas">yy</Pos>
<Pos Code="1820">vr </Pos>
<Pos Code="2831">16..</Pos>
<Pos Code="61" Sens="La vedette peut être liée à une notice bibliographique sauf pour l&apos;accès matière RAMEAU">1</Pos>
</controlfield>
<datafield tag="100" ind1=" " ind2=" ">
	<subfield code="3">13899500</subfield>
	<subfield code="w">.0..b.....</subfield>
	<subfield code="a">Schmelzer</subfield>
	<subfield code="m">Johann Heinrich</subfield>
	<subfield code="d">162.-1680</subfield>
</datafield>
<datafield tag="144" ind1="1" ind2=" ">
	<subfield code="w">    b fre </subfield>
	<subfield code="a">Variations</subfield>
	<subfield code="c">La bella pastora</subfield>
</datafield>
<datafield tag="610" ind1=" " ind2=" ">
	<subfield code="a">Variationen über &quot;La bella pastora&quot; In : Barockes Welttheater [Enrgistrement sonore] : sonate &amp; balletti / Johann Heinrich Schmelzer, comp. Harmonia mundi HMC 902087</subfield>
</datafield>
<datafield tag="612" ind1=" " ind2=" ">
	<subfield code="a">Grove music online</subfield>
	<subfield code="u">http://www.oxfordmusiconline.com/</subfield>
	<subfield code="d">2013-03-25</subfield>
</datafield>
<Alter Ori="13899500">
<datafield tag="400" ind1=" " ind2=" ">
	<subfield code="w">....b.....</subfield>
	<subfield code="a">Schmelzer von Ehrenruef</subfield>
	<subfield code="m">Johann Heinrich</subfield>
	<subfield code="d">162.-1680</subfield>
</datafield>
<datafield tag="400" ind1=" " ind2=" ">
	<subfield code="w">....b.....</subfield>
	<subfield code="a">Schmelzer</subfield>
	<subfield code="m">Gioanne Enrico</subfield>
	<subfield code="d">162.-1680</subfield>
</datafield>
</Alter>
<Attr Nom="IDPerenne">ark:/12148/cb16672703x</Attr>
<Attr Nom="Source" Sens="BnF catalogue général (depuis 1999)">A</Attr>
<Attr Nom="NumAutoriteLiee">13899500</Attr>
<Attr Nom="DateCreation">25/03/ 2013</Attr>
<Attr Nom="ResponsableCreation">PONCET ANNE-MARIE</Attr>
<Attr Nom="StructCreation">62</Attr>
<Attr Nom="DateDerniereValidation">25/03/ 2013</Attr>
<Attr Nom="ResponsableDerniereValidation">PONCET ANNE-MARIE</Attr>
<Attr Nom="StructPremiereValidation">62</Attr>
<Attr Nom="DatePremiereValidation">25/03/ 2013</Attr>
<Attr Nom="ResponsablePremiereValidation">PONCET ANNE-MARIE</Attr>
<Attr Nom="StructDerniereValidation">62</Attr>
<Attr Nom="NumSource">OPP 11425587</Attr>
</record>
